@MISC{MSDS,
    title = {Million Song Dataset},
    howpublished = {\url{http://labrosa.ee.columbia.edu/millionsong/musixmatch}},
    note = {Retrieved: 2014-10-10}
}
@MISC{MXM,
    title = {{musiXmatch} lyrics dataset},
    howpublished = {\url{http://labrosa.ee.columbia.edu/millionsong/musixmatch}},
    note = {Retrieved: 2014-10-10}
}

@article{liang2011music,
	title={Music genre classification with the million song dataset},
	author={Liang, Dawen and Gu, Haijie and O'Connor, Brendan},
	journal={Machine Learning Department, CMU},
	year={2011}
}

@article{bourabee,
	title={Classifying the Subjective: Determining Genre of Music From Lyrics},
	author={Bou-Rabee},
	year={2012}
}

@inproceedings{logan2004semantic,
	title={Semantic analysis of song lyrics},
	author={Logan, Beth and Kositsky, Andrew and Moreno, Pedro},
	booktitle={Multimedia and Expo, 2004. ICME'04. 2004 IEEE International Conference on},
	volume={2},
	pages={827--830},
	year={2004},
	organization={IEEE}
}
